@article{survey-on-symplectic-integrators,
langid = {english},
author = {Markiewicz, Daniel W},
journal = {Spring},
title = {{Survey on symplectic integrators}},
volume = {272},
year = {1999}
}
@article{lan-lif-again,
langid = {russian},
author = {Скроцкий, Г.В.},
title = {{Еще раз об уравнении Ландау-Лифшица}},
volume = {4},
year = {1984}
}
@article{Liang2016,
langid = {english},
author = {Liang, Dong and Stolt, Matthew J and Jin, Song},
issn = {1745-2473},
journal = {Nat Phys},
month = {jan},
number = {1},
pages = {25--26},
publisher = {Nature Publishing Group, a division of Macmillan Publishers Limited. All Rights Reserved.},
title = {{Metastable skyrmions: Beat the heat}},
volume = {12},
year = {2016}
}
@article{Yu2010,
langid = {english},
annote = {10.1038/nature09124},
author = {Yu, X Z and Onose, Y and Kanazawa, N and Park, J H and Han, J H and Matsui, Y and Nagaosa, N and Tokura, Y},
issn = {0028-0836},
journal = {Nature},
month = {jun},
number = {7300},
pages = {901--904},
publisher = {Nature Publishing Group, a division of Macmillan Publishers Limited. All Rights Reserved.},
title = {{Real-space observation of a two-dimensional skyrmion crystal}},
volume = {465},
year = {2010}
}
@article{Hagemeister2015,
langid = {english},
author = {Hagemeister, J and Romming, N and von Bergmann, K and Vedmedenko, E Y and Wiesendanger, R},
doi = {10.1038/ncomms9455},
file = {:home/anton/books/diploma/ncomms9455.pdf:pdf},
issn = {2041-1723},
journal = {Nature communications},
pages = {8455},
pmid = {26465211},
publisher = {Nature Publishing Group},
title = {{Stability of single skyrmionic bits.}},
url = {http://www.nature.com/ncomms/2015/151014/ncomms9455/full/ncomms9455.html?WT.ec{\_}id=NCOMMS-20151021{\&}spMailingID=49826945{\&}spUserID=MTk1NzgzMzE1MzYS1{\&}spJobID=782886768{\&}spReportId=NzgyODg2NzY4S0{\#}supplementary-information},
volume = {6},
year = {2015}
}
@article{Steinigeweg2006,
langid = {english},
archivePrefix = {arXiv},
arxivId = {cond-mat/0507262},
author = {Steinigeweg, Robin and Schmidt, Heinz J{\"{u}}rgen},
doi = {10.1016/j.cpc.2005.12.023},
eprint = {0507262},
file = {:home/anton/books/diploma/1402.4114.pdf:pdf},
issn = {00104655},
journal = {Computer Physics Communications},
keywords = {Classical spin systems,Symplectic integrators},
number = {11},
pages = {853--861},
primaryClass = {cond-mat},
title = {{Symplectic integrators for classical spin systems}},
volume = {174},
year = {2006}
}
@book{hamilton-mech,
langid = {russian},
author = {Хаар, Д.},
title = {{Основы Гамильтоновой Механики}},
year = {1974}
}
@book{classic-mech,
langid = {russian},
author = {Айзерман, М.А.},
title = {{Классическая механика}},
year = {1980}
}
@book{euler,
langid = {russian},
author = {Эйлер, Леонард},
title = {{Интегральное Исичсление. Том 1}},
year = {1956}
}
@article{chilsl-metodi,
langid = {russian},
author = {Мышенков, В.И. Мышенков, Е.В.},
title = {{Численные методы}},
year = {2005}
}
@article{stat-ant-dyn-prop-of-skyr,
langid = {english},
archivePrefix = {arXiv},
arxivId = {1505.06156},
author = {Barker, Joseph and Tretiakov, Oleg A.},
doi = {10.1103/PhysRevLett.116.147203},
eprint = {1505.06156},
file = {:home/anton/books/diploma/static-and-dyn-prop-of-ferr-skyrmion.pdf:pdf},
issn = {10797114},
journal = {Physical Review Letters},
number = {14},
title = {{Static and Dynamical Properties of Antiferromagnetic Skyrmions in the Presence of Applied Current and Temperature}},
volume = {116},
year = {2016}
}
@article{nucleation,
  langid = {english},
  title={Nucleation, stability and current-induced motion of isolated magnetic
         \linebreak skyrmions in nanostructures},
  author={Sampaio, J and Cros, V and Rohart, S and Thiaville, A and Fert, A},
  journal={Nature nanotechnology},
  volume={8},
  number={11},
  pages={839--844},
  year={2013},
  publisher={Nature Publishing Group}
}
@book{stabil-of-rk,
langid = {english},
  title={Stability of Runge-Kutta methods for stiff nonlinear differential equations},
  author={Dekker, Kees and Verwer, Jan G},
  volume={984},
  year={1984},
  publisher={North-Holland Amsterdam}
}
@article{rk-schemes-for-ham-sys,
langid = {english},
  title={Runge-Kutta schemes for Hamiltonian systems},
  author={Sanz-Serna, JM},
  journal={BIT Numerical Mathematics},
  volume={28},
  number={4},
  pages={877--883},
  year={1988},
  publisher={Springer}
}
@Misc{scipy,
langid = {english},
  author =    {Eric Jones and Travis Oliphant and Pearu Peterson and others},
  title =     {{SciPy}: Open source scientific tools for {Python}},
  year =      {2001--},
  url = "http://www.scipy.org/",
  note = {[Online; accessed 2016-06-08]}
}
@article{numpy,
langid = {english},
  title={The NumPy array: a structure for efficient numerical computation},
  author={Van Der Walt, Stefan and Colbert, S Chris and Varoquaux, Gael},
  journal={Computing in Science \& Engineering},
  volume={13},
  number={2},
  pages={22--30},
  year={2011},
  publisher={AIP Publishing}
}
@article{matplotlib,
langid = {english},
  title={Matplotlib: A 2D graphics environment},
  author={Hunter, John D and others},
  journal={Computing in science and engineering},
  volume={9},
  number={3},
  pages={90--95},
  year={2007}
}
